@article{10.63744@K0GZLdLczoqm,
  title = {Historical data visual exploration meets static web technologies},
  author = {Paul Girard},
  year = {2025},
  journal = {Anthology for Computers and the Humanities},
  volume = {2},
  pages = {25--31},
  editor = {Julia Damerow and Rebecca Sutton Koeser},
  doi = {10.63744/K0GZLdLczoqm}
}