@article{10.63744@dCDQd0sTPLEk,
  title = {Proceedings of Digital Humanities Tech Symposium 2025: Introduction},
  author = {Rebecca Sutton Koeser and Jose Angel Hernandez and Julia Damerow and Malte Vogl and Robert Casties},
  year = {2025},
  journal = {Anthology for Computers and the Humanities},
  volume = {2},
  pages = {1--5},
  editor = {Julia Damerow and Rebecca Sutton Koeser},
  doi = {10.63744/dCDQd0sTPLEk}
}