@misc{web_AARC,
  title        = {AARC webpage},
  author       = {{AARC Community}},
  url          = {https://aarc-community.org},
  note = {Accessed: Aug. 2025.},
}

@misc{web_eduGAIN,
  title        = {EduGAIN webpage},
  author       = {{GÉANT Association}},
  url          = {https://edugain.org},
  note = {Accessed: Aug. 2025.},
}

@misc{kanellopoulos_2025_15388270,
  author       = {Kanellopoulos, Christos and
                  Adomeit, Marina and
                  Ardizzone, Valeria and
                  Florio, Licia and
                  Giacomini, Francesco and
                  Groep, David and
                  Hardt, Marcus and
                  Kálmán, Tibor and
                  Kuczyński, Tomasz and
                  Liampotis, Nicolas and
                  Short, Hannah and
                  Sidorova, Irina and
                  Michal, Šťava and
                  Wierenga, Klaas},
  title        = {EOSC AAI Architecture 2025},
  month        = may,
  year         = 2025,
  publisher    = {Zenodo},
  version      = {March 2025},
  doi          = {10.5281/zenodo.15388270},
  url          = {https://doi.org/10.5281/zenodo.15388270},
}

@manual{aarc_community_members_2019_3672785,
  title        = {AARC Blueprint Architecture 2019 (AARC-G045)},
  author       = {{AARC Community members and AppInt members}},
  month        = nov,
  year         = 2019,
  doi          = {10.5281/zenodo.3672785}
}

@misc{web_dariah,
  title        = {DARIAH webpage},
  author       = {{DARIAH (Digital Research Infrastructure for the Arts and Humanities}},
  url          = {https://www.dariah.eu/},
  note = {Accessed: Jul. 2025.},
}

@misc{web_dariahaai,
  title        = {Documentation for DARIAH-AAI},
  author       = {{DARIAH (Digital Research Infrastructure for the Arts and Humanities)}},
  url          = {https://doc.de.dariah.eu/DARIAH-AAI-Documentation/},
  note = {Accessed: Jul. 2025.},
}

@misc{erzsebet_toth_czifra_2023_8059626,
  author       = {Erzsébet Tóth-Czifra and
                  Marta Błaszczyńska and
                  Francesco Gelati and
                  Femmy Admiraal and
                  Mirjam Blümm and
                  Erik Buelinckx and
                  Vera Chiquet and
                  Rita Gautschy and
                  Peter Gietz and
                  Péter Király and
                  Maria Vivas-Romero and
                  Walter Scholger and
                  Bartłomiej Szleszyński and
                  Ulrike Wuttke},
  title        = {Research Data Management for Arts and Humanities:
                   Integrating Voices of the Community
                  },
  month        = aug,
  year         = 2023,
  publisher    = {Zenodo},
  doi          = {10.5281/zenodo.8059626},
  note = {Chapter 3.3.3, Access control to research data in the frame of FAIR principles and open access, p. 67-75},
}


@misc{web_aarc_tree,
  title        = {AARC TREE webpage},
  author       = {{AARC Technical Revision to Enhance Effectiveness}},
  url          = {https://wiki.geant.org/display/AARC/AARC+TREE+Project},
  note = {Accessed: Jul. 2025.},
} 

@misc{web_eosc,
  title        = {EOSC webpage},
  author       = {{European Open Science Cloud}},
  url          = {https://www.eosc.eu/}
}

@book{eosc_association_2025_14999577,
  author       = {{EOSC Association}},
  title        = {EOSC Federation Handbook},
  publisher    = {Zenodo},
  year         = 2025,
  month        = mar,
  doi          = {10.5281/zenodo.14999577}
}

@misc{chambers_2025_14881627,
  author       = {Chambers, Sally and
                  Nentwich, Melanie and
                  Guerrieri, Giovanni and
                  Hienola, Anca and
                  Pierre, Marion and
                  Kurzmeier, Michael and
                  Barbot, Laure and
                  Chazallet, Léo and
                  López Lerida, Joaquín and
                  David, Romain and
                  Millar, Paul and
                  Ďurčo, Matej and
                  Wolff-Boenisch, Bonnie and
                  Kaczmirek, Lars and
                  Tedds, Jonathan and
                  Götz, Andy and
                  Bodera Sempere, Jordi and
                  Ivanoaica, Teodor and
                  Wagh, Jayesh and
                  Liberante, Fabio and
                  Iess, Alberto and
                  Liaskos, Nektarios and
                  Rybina, Arina and
                  Saunders, Gary},
  title        = {OSCARS D2.1 - Clusters' Services and Data Sources
                   Portfolios
                  },
  month        = feb,
  year         = 2025,
  publisher    = {Zenodo},
  doi          = {10.5281/zenodo.14881627},
}

@manual{dariah_poc,
  title        = {Showcase of the DARIAH-EGI pilot},
  author       = {Hübner, D. and
                  Igoumenos, I.},
  month        = Feb,
  year         = 2019,
  doi          = {10.5281/zenodo.3672785},
  note = {FIM4R meeting, Vienna},
}


@article{sshoc_marketplace,
title = "Contextualizing Research Tools \& Services Through Workflows in the SSH Open Marketplace",
author = "Laure Barbot and Maja Dolinar and Gray, \{Edward J.\} and Cristina Grisot and Klaus Illmayer and Michael Kurzmeier and Barbara McGillivray",
year = "2024",
month = feb,
day = "29",
doi = "10.5334/johd.192",
language = "English",
volume = "10",
journal = "Journal of Open Humanities Data",
issn = "2059-481X",
publisher = "Ubiquity Press",
}

