@article{10.63744@SFtXXpIE4ERh,
  title = {Undate in Action},
  author = {Rebecca Sutton Koeser},
  year = {2025},
  journal = {Anthology for Computers and the Humanities},
  volume = {2},
  pages = {38--53},
  editor = {Julia Damerow and Rebecca Sutton Koeser},
  doi = {10.63744/SFtXXpIE4ERh}
}