@article{10.63744@EZFV8PwG9Frz,
  title = {There and back again---how to preserve your data during transformations},
  author = {Robert Casties},
  year = {2025},
  journal = {Anthology for Computers and the Humanities},
  volume = {2},
  pages = {6--12},
  editor = {Julia Damerow and Rebecca Sutton Koeser},
  doi = {10.63744/EZFV8PwG9Frz}
}