@article{10.63744@X9dgVaDTvJHY,
  title = {Developing Training and Education Resources for Research Software Engineering in DH},
  author = {Julia Damerow and David Ragnar Nelson and Jose Hernandez},
  year = {2025},
  journal = {Anthology for Computers and the Humanities},
  volume = {2},
  pages = {13--18},
  editor = {Julia Damerow and Rebecca Sutton Koeser},
  doi = {10.63744/X9dgVaDTvJHY}
}