@misc{bartram2016,
  author       = {Ammon Bartram},
  title        = {Coding Boot Camp Grads Write Better Code},
  year         = {2016},
  howpublished = {\url{https://www.infoworld.com/article/2250588/coding-boot-camp-grads-write-better-code.html}},
  note         = {Accessed: 2025-07-30}
}

@misc{becker2025,
  title        = {Measuring the Impact of Early-2025 AI on Experienced Open-Source Developer Productivity}, 
  author       = {Joel Becker and Nate Rush and Elizabeth Barnes and David Rein},
  year         = {2025},
  eprint       = {2507.09089},
  archivePrefix= {arXiv},
  primaryClass = {cs.AI},
  doi          = {https://arxiv.org/abs/2507.09089}, 
}

@article{neupane2019,
  author  = {Jayanti Bhandari Neupane and Ram P. Neupane and Yuheng Luo and Wesley Y. Yoshida and Rui Sun and Philip G. Williams},
  title   = {Characterization of Leptazolines A–D, Polar Oxazolines from the Cyanobacterium Leptolyngbya sp., Reveals a Glitch with the ‘Willoughby–Hoye’ Scripts for Calculating NMR Chemical Shifts},
  journal = {Organic Letters},
  volume  = {21},
  number  = {20},
  pages   = {8449--8453},
  year    = {2019},
  doi     = {10.1021/acs.orglett.9b03216}
}

@article{bleeker2022,
  author  = {Elli Bleeker and Marijn Koolen and Kaspar Beelen and Liliana Melgar and Joris van Zundert and Sally Chambers},
  title   = {A Game of Persistence, Self-doubt, and Curiosity: Surveying Code Literacy in Digital Humanities},
  journal = {DH Benelux Journal},
  volume  = {4},
  pages   = {1--28},
  year    = {2022}
}

@inproceedings{coutinho2024,
  author    = {Mariana Coutinho and Lorena Marques and Anderson Santos and Marcio Dahia and Cesar França and Ronnie de Souza Santos},
  title     = {The Role of Generative AI in Software Development Productivity: A Pilot Case Study},
  booktitle = {Proceedings of the 1st ACM International Conference on AI-Powered Software (AIware ’24)},
  year      = {2024},
  address   = {Porto de Galinhas, Brazil},
  publisher = {ACM},
  pages     = {1--8},
  doi       = {10.1145/3664646.3664773}
}

@misc{cui2025,
  author       = {Zheyuan Cui and Mert Demirer and Sonia Jaffe and Leon Musolff and Sida Peng and Tobias Salz},
  title        = {The Effects of Generative AI on High-Skilled Work: Evidence from Three Field Experiments with Software Developers},
  year         = {2025},
  howpublished = {\url{http://dx.doi.org/10.2139/ssrn.4945566}},
  note         = {Accessed: 2025-07-30}
}

@misc{hettrick2022,
  author       = {Simon Hettrick and Radovan Bast and Alex Botzki and Jeff Carver and Ian Cosden and Steve Crouch and Florencia D’Andrea and Abhishek Dasgupta and William Godoy and Alejandra Gonzalez-Beltran and Ulf Hamster and Scott Henwood and Patric Holmvall and Stephan Janosch and Thibault Lestang and Nick May and Olivier Philippe and Johan Philips and Nooriyah Poonawala-Lohani and Paul Richmond and Manodeep Sinha and Florian Thiery and Ben van Werkhoven and Claire Wyatt and Qian Zhang},
  title        = {RSE Survey 2022, Pre-final release for 2022 results (Version 2022-v0.9.0)},
  year         = {2022},
  howpublished = {\url{https://softwaresaved.github.io/international-survey-2022/}},
  note         = {Accessed: 2025-07-30}
}

@misc{kimball2023,
  author       = {Danika Kimball},
  title        = {Self-Taught Developers vs. Developers With Degrees},
  year         = {2023},
  howpublished = {\url{https://manilarecruitment.com/manila-recruitment-articles-advice/self-taught-developers-vs-developers-with-degrees-hiring-the-right-fit/}},
  note         = {Accessed: 2025-07-30}
}

@misc{mullen2025,
  author       = {Lincoln A. Mullen},
  title        = {Computational Historical Thinking},
  year         = {ongoing},
  howpublished = {\url{https://dh-r.lincolnmullen.com/}},
  note         = {Accessed: 2025-07-30}
}

@article{nowviskie2011,
  URL = {http://www.jstor.org/stable/41714117},
  author = {Bethany Nowviskie},
  journal = {Profession},
  pages = {169--181},
  publisher = {Modern Language Association},
  title = {Where Credit Is Due: Preconditions for the Evaluation of Collaborative Digital Scholarship},
  doi = {10.1632/prof.2011.2011.1.169},
  year = {2011}
}

@inproceedings{pinto2018,
  author    = {Gustavo Pinto and Igor Wiese and Luiz Felipe Dias},
  title     = {How Do Scientists Develop Scientific Software? An External Replication},
  booktitle = {2018 IEEE 25th International Conference on Software Analysis, Evolution and Reengineering (SANER)},
  pages     = {582--591},
  year      = {2018},
  doi       = {10.1109/SANER.2018.8330263}
}

@inproceedings{obrien2025,
  author    = {Gabrielle O'Brien},
  title     = {How Scientists Use Large Language Models to Program},
  year      = {2025},
  publisher = {Association for Computing Machinery},
  address   = {New York, NY, USA},
  doi       = {10.1145/3706598.3713668},
  booktitle = {Proceedings of the 2025 CHI Conference on Human Factors in Computing Systems},
  pages     = {1--16}
}

@misc{ryan2021,
  author       = {Yann Ryan},
  title        = {A Short Guide to Historical Newspaper Data, Using R},
  year         = {2021},
  howpublished = {\url{https://bookdown.org/yann_ryan/r-for-newspaper-data/}},
  note         = {Accessed: 2025-07-30}
}

@inbook{vanzundert2020,
  author        = {Joris van Zundert and Smiljana Antonijevic and Tara Andrews},
  year          = {2020},
  pages         = {123--162},
  chapter       = {6. 'Black Boxes' and True Colour — A Rhetoric of Scholarly Code},
  doi           = {10.11647/OBP.0192.06},
  title         = {Digital Technology and the Practices of Humanities Research},
  publisher     = {Open Book Publishers}
}

@article{wiese2020,
  author  = {Igor Wiese and Ivanilton Polato and Gustavo Pinto},
  title   = {Naming the Pain in Developing Scientific Software},
  journal = {IEEE Software},
  volume  = {37},
  number  = {4},
  pages   = {75--82},
  year    = {2020},
  doi     = {10.1109/MS.2019.2899838}
}

@misc{aiforhumanists,
  author       = {AI for Humanists},
  title        = {AI for Humanists Website},
  year         = {2025},
  howpublished = {\url{https://aiforhumanists.com}},
  note         = {Accessed: 2025-07-30}
}

