@article{10.63744@yYHjphZVP1PZ,
  title = {Extending Recogito Studio with Plugins},
  author = {Jamie Folsom},
  year = {2025},
  journal = {Anthology for Computers and the Humanities},
  volume = {2},
  pages = {19--24},
  editor = {Julia Damerow and Rebecca Sutton Koeser},
  doi = {10.63744/yYHjphZVP1PZ}
}