@article{10.63744@a9oVejGuN3UN,
  title = {Clouds for Crowds---Implementing Federated AAI for the Digital Humanities},
  author = {Tibor Kálmán and Sally Chambers and Peter Gietz},
  year = {2025},
  journal = {Anthology for Computers and the Humanities},
  volume = {2},
  pages = {32--37},
  editor = {Julia Damerow and Rebecca Sutton Koeser},
  doi = {10.63744/a9oVejGuN3UN}
}