@article{10.63744@HHsQG7hNWyxG,
  title = {Introducing the Anthology for Computers and the Humanities},
  author = {Taylor Arnold and Maria Antoniak and Miguel Escobar Varela and Marie Puren and Mila Oiva and Amanda Regan and Lauren Tilton and Melanie Walsh},
  year = {2025},
  journal = {Anthology for Computers and the Humanities},
  volume = {1},
  pages = {1--5},
  editor = {â€”},
  doi = {10.63744/HHsQG7hNWyxG}
}