@inproceedings{anderson2012towards,
  title={Towards a Computational History of the ACL: 1980--2008},
  author={Anderson, Ashton and Jurafsky, Dan and McFarland, Daniel},
  booktitle={Proceedings of the ACL-2012 Special Workshop on Rediscovering 50 Years of Discoveries},
  year={2012}
}

@techreport{bosman2021oa,
  title={The OA diamond journals study. Part 1: Findings},
  author={Bosman, Jeroen and Frantsv{\aa}g, Jan Erik and Kramer, Bianca and Langlais, Pierre-Carl and Proudman, Vanessa},
  year={2021}
}

@article{chandrakar2006digital,
  title={Digital object identifier system: an overview},
  author={Chandrakar, Rajesh},
  journal={The Electronic Library},
  volume={24},
  number={4},
  pages={445--452},
  year={2006},
  publisher={Emerald Group Publishing Limited}
}

@article{hendricks2020crossref,
  title={Crossref: The sustainable source of community-owned scholarly metadata},
  author={Hendricks, Ginny and Tkaczyk, Dominika and Lin, Jennifer and Feeney, Patricia},
  journal={Quantitative Science Studies},
  volume={1},
  number={1},
  pages={414--427},
  year={2020},
  publisher={MIT Press}
}

@inproceedings{kochetkov2021importance,
  title={The importance of conference proceedings in research evaluation: a methodology for assessing conference impact},
  author={Kochetkov, Denis and Birukou, Aliaksandr and Ermolayeva, Anna},
  booktitle={International Conference on Distributed Computer and Communication Networks},
  pages={359--370},
  year={2021},
  organization={Springer}
}

@article{lisee2008conference,
  title={Conference proceedings as a source of scientific information: A bibliometric analysis},
  author={Lisée, Christian and Larivière, Vincent and Archambault, Éric},
  journal={Journal of the American Society for Information Science and Technology},
  volume={59},
  number={11},
  pages={1776--1784},
  year={2008},
  publisher={Wiley Online Library}
}

@book{suber2012open,
  title={Open Access},
  author={Suber, Peter},
  year={2012},
  publisher={MIT Press},
  address={Cambridge, MA},
  pages={256}
}

@article{vrettas2015conferences,
  title={Conferences versus journals in computer science},
  author={Vrettas, George and Sanderson, Mark},
  journal={Journal of the Association for Information Science and Technology},
  volume={66},
  number={12},
  pages={2674--2684},
  year={2015},
  publisher={Wiley Online Library}
}
