@article{10.63744@X90VnKkYV5Hb,
  title = {One Template to Rule Them All: Interactive Research Data Documentation with Quarto},
  author = {Moritz MÃ¤hr and Moritz Twente},
  year = {2025},
  journal = {Anthology for Computers and the Humanities},
  volume = {2},
  pages = {54--67},
  editor = {Julia Damerow and Rebecca Sutton Koeser},
  doi = {10.63744/X90VnKkYV5Hb}
}